<record><leader>00000cas a2200000 a 4500</leader><controlfield tag="001">27944983</controlfield><controlfield tag="008">930419d190u1918iluwr ne      0   a0eng c</controlfield><datafield ind1=" " ind2=" " tag="010"><subfield code="a">sn 93055771 </subfield></datafield><datafield ind1=" " ind2=" " tag="040"><subfield code="a">NVF</subfield><subfield code="b">eng</subfield><subfield code="c">NVF</subfield><subfield code="d">OCLCQ</subfield><subfield code="d">NVF</subfield><subfield code="d">OCLCF</subfield><subfield code="d">NVF</subfield><subfield code="d">OCLCO</subfield></datafield><datafield ind1="1" ind2=" " tag="029"><subfield code="a">AU@</subfield><subfield code="b">000020753968</subfield></datafield><datafield ind1=" " ind2=" " tag="042"><subfield code="a">pcc</subfield></datafield><datafield ind1=" " ind2=" " tag="043"><subfield code="a">n-us-il</subfield></datafield><datafield ind1="0" ind2="4" tag="245"><subfield code="a">The Metropolis herald.</subfield></datafield><datafield ind1="1" ind2="3" tag="246"><subfield code="a">Metropolis semi-weekly herald</subfield><subfield code="f">&lt;Apr. 1, 1905&gt;</subfield></datafield><datafield ind1="3" ind2=" " tag="246"><subfield code="a">Metropolis semiweekly herald</subfield></datafield><datafield ind1=" " ind2=" " tag="260"><subfield code="a">Metropolis, Ill. :</subfield><subfield code="b">Barnes &amp; Carver</subfield></datafield><datafield ind1="3" ind2=" " tag="260"><subfield code="a">Metropolis, Ill. :</subfield><subfield code="b">Herald Print Co.</subfield></datafield><datafield ind1=" " ind2=" " tag="300"><subfield code="a">v.</subfield></datafield><datafield ind1=" " ind2=" " tag="310"><subfield code="a">Weekly,</subfield><subfield code="b">Dec. 20, 1905-&lt;Oct. 25, 1917&gt;</subfield></datafield><datafield ind1=" " ind2=" " tag="321"><subfield code="a">Semiweekly,</subfield><subfield code="b">&lt;Jan. 18&gt;-Dec. 13, 1905</subfield></datafield><datafield ind1="1" ind2=" " tag="362"><subfield code="a">Ceased in Jan. 1918.</subfield></datafield><datafield ind1=" " ind2=" " tag="525"><subfield code="a">Supplements with title: Joppa enterprise.</subfield></datafield><datafield ind1=" " ind2=" " tag="580"><subfield code="a">Merged with: Massac journal-Republican, to form: Republican herald (Metropolis, Ill.).</subfield></datafield><datafield ind1=" " ind2=" " tag="588"><subfield code="a">Description based on: Vol. 29, no. 16 (Jan. 18, 1905).</subfield></datafield><datafield ind1=" " ind2=" " tag="588"><subfield code="a">Latest issue consulted: Oct. 25, 1917.</subfield></datafield><datafield ind1=" " ind2="0" tag="651"><subfield code="a">Metropolis (Ill.)</subfield><subfield code="v">Newspapers.</subfield></datafield><datafield ind1=" " ind2="7" tag="651"><subfield code="a">Illinois</subfield><subfield code="z">Metropolis.</subfield><subfield code="2">fast</subfield><subfield code="0">(OCoLC)fst01219163</subfield></datafield><datafield ind1=" " ind2="7" tag="655"><subfield code="a">Newspapers.</subfield><subfield code="2">fast</subfield><subfield code="0">(OCoLC)fst01423814</subfield></datafield><datafield ind1=" " ind2=" " tag="752"><subfield code="a">United States</subfield><subfield code="b">Illinois</subfield><subfield code="c">Massac</subfield><subfield code="d">Metropolis.</subfield></datafield><datafield ind1="0" ind2=" " tag="770"><subfield code="t">Joppa enterprise</subfield><subfield code="w">(DLC)sn 93055789</subfield><subfield code="w">(OCoLC)28087547</subfield></datafield><datafield ind1="0" ind2="0" tag="780"><subfield code="t">Evening herald (Metropolis, Ill.)</subfield><subfield code="w">(DLC)sn 93055770</subfield><subfield code="w">(OCoLC)27944880</subfield></datafield><datafield ind1="1" ind2="7" tag="785"><subfield code="t">Massac journal-Republican</subfield><subfield code="w">(DLC)sn 93055769</subfield><subfield code="w">(OCoLC)27944781</subfield></datafield><datafield ind1="1" ind2="7" tag="785"><subfield code="t">Republican herald (Metropolis, Ill.)</subfield><subfield code="w">(DLC)sn 93055772</subfield><subfield code="w">(OCoLC)27945150</subfield></datafield></record>